@misc{amino,
    author = {David Bramley},
    title = {{Amino acquires online video specialist 24i}, {(English)}},
    year = {2019},
    howpublished = {\url{https://www.aminocom.com/news/amino-acquires-online-video-specialist-24i}},
    note = {Online; Last accessed \today}
}

@misc{maueusubsidy,
    author = {Mautilus s.r.o.},
    title = {{EU Subsidy}, {(English)}},
    howpublished = {\url{https://www.mautilus.com/eu-subsidies/}},
    note = {Online; Last accessed \today}
}

@misc{eligibility,
    author = {European Comission},
    title = {{Commission regulation (EU) No 651/2014 - 17th June 2014}, {(English)}},
    howpublished = {\url{https://eur-lex.europa.eu/legal-content/EN/TXT/PDF/?uri=CELEX:32014R0651&from=EN}},
    note = {Online; Last accessed \today}
}

@misc{juncker-political-guidelines,
    author = {Jean-Claude Juncker},
    title = {Political Guidelines - 15th July 2014, {(English}},
    howpublished = {\url{https://ec.europa.eu/commission/sites/beta-political/files/juncker-political-guidelines-speech_en.pdf}},
    note = {Online; Last accessed \today}
}

@misc{entrepreneur-law,
    author = {Czechia},
    title = {§ 420 article 1, Act no. 89/2012 Sb.},
    howpublished = {\url{https://www.zakonyprolidi.cz/cs/2012-89/zneni-20181201?porov=20180701#p420-1}},
    note = {Online; Last accessed \today}
}

ČESKO. § 420 odst. 1 zákona č. 89/2012 Sb., občanský zákoník - znění od 1. 12. 2018. In: Zákony pro lidi.cz [online]. © AION CS 2010-2020 [cit. 25. 2. 2020]. Dostupné z: https://www.zakonyprolidi.cz/cs/2012-89/zneni-20181201?porov=20180701#p420-1

